<?xml version="1.0" encoding="UTF-8" ?>
<collection xmlns="http://www.loc.gov/MARC21/slim"
    xmlns:xsi="http://www.w3.org/2001/XMLSchema-instance"
    xsi:schemaLocation="http://www.loc.gov/MARC21/slim http://www.loc.gov/standards/marcxml/schema/MARC21slim.xsd">
  <record xmlns='http://www.loc.gov/MARC21/slim'><leader>13043cas a2201513 a 4500</leader><controlfield tag='001'>a453316</controlfield><controlfield tag='003'>SIRSI</controlfield><controlfield tag='005'>20180709003001.0</controlfield><datafield ind1=' ' ind2=' ' tag='010'><subfield code='a'>   87648493 </subfield><subfield code='z'>sc 82003008</subfield></datafield><datafield ind1=' ' ind2=' ' tag='040'><subfield code='a'>HLS</subfield><subfield code='b'>eng</subfield><subfield code='c'>HLS</subfield><subfield code='d'>CLU</subfield><subfield code='d'>DLC</subfield><subfield code='d'>NST</subfield><subfield code='d'>NSD</subfield><subfield code='d'>NST</subfield><subfield code='d'>PIT</subfield><subfield code='d'>NSD</subfield><subfield code='d'>DLC</subfield><subfield code='d'>NST</subfield><subfield code='d'>DLC</subfield><subfield code='d'>NST</subfield><subfield code='d'>OCL</subfield><subfield code='d'>NST</subfield><subfield code='d'>HUL</subfield><subfield code='d'>NYG</subfield><subfield code='d'>SYS</subfield><subfield code='d'>CLU</subfield><subfield code='d'>GUA</subfield><subfield code='d'>OCLCQ</subfield><subfield code='d'>ZYU</subfield><subfield code='d'>UKMGB</subfield><subfield code='d'>GUA</subfield><subfield code='d'>OCLCF</subfield><subfield code='d'>INU</subfield><subfield code='d'>OCLCQ</subfield><subfield code='d'>GUA</subfield><subfield code='d'>MNU</subfield><subfield code='d'>DRB</subfield><subfield code='d'>CQ$</subfield><subfield code='d'>OCLCO</subfield><subfield code='d'>ADU</subfield><subfield code='d'>GBVCP</subfield><subfield code='d'>CO3</subfield><subfield code='d'>J9U</subfield><subfield code='d'>FGM</subfield><subfield code='d'>OCLCO</subfield><subfield code='d'>IIB</subfield><subfield code='d'>OCLCQ</subfield><subfield code='d'>ZYU</subfield><subfield code='d'>YDXCP</subfield><subfield code='d'>OCL</subfield><subfield code='d'>OCLCO</subfield></datafield><datafield ind1=' ' ind2=' ' tag='022'><subfield code='a'>0017-3231</subfield><subfield code='l'>0017-3231</subfield><subfield code='y'>0017-3232</subfield><subfield code='2'>z</subfield></datafield><datafield ind1=' ' ind2=' ' tag='032'><subfield code='a'>000508</subfield><subfield code='b'>USPS</subfield></datafield><datafield ind1=' ' ind2=' ' tag='035'><subfield code='a'>(OCoLC)6619122</subfield><subfield code='z'>(OCoLC)21319010</subfield><subfield code='z'>(OCoLC)26041103</subfield><subfield code='z'>(OCoLC)64210383</subfield><subfield code='z'>(OCoLC)64237217</subfield><subfield code='z'>(OCoLC)242221392</subfield><subfield code='z'>(OCoLC)317357838</subfield><subfield code='z'>(OCoLC)328320245</subfield><subfield code='z'>(OCoLC)427388984</subfield><subfield code='z'>(OCoLC)437853696</subfield><subfield code='z'>(OCoLC)472164250</subfield><subfield code='z'>(OCoLC)614628372</subfield><subfield code='z'>(OCoLC)656713872</subfield><subfield code='z'>(OCoLC)742363213</subfield><subfield code='z'>(OCoLC)793944066</subfield><subfield code='z'>(OCoLC)894911700</subfield></datafield><datafield ind1=' ' ind2=' ' tag='042'><subfield code='a'>pcc</subfield><subfield code='a'>nsdp</subfield></datafield><datafield ind1='0' ind2='0' tag='050'><subfield code='a'>PN2</subfield><subfield code='b'>.G68</subfield></datafield><datafield ind1='0' ind2='0' tag='082'><subfield code='a'>813/.008</subfield><subfield code='2'>19</subfield></datafield><datafield ind1=' ' ind2=' ' tag='049'><subfield code='a'>STFA</subfield></datafield><datafield ind1='0' ind2=' ' tag='210'><subfield code='a'>Granta</subfield></datafield><datafield ind1=' ' ind2='0' tag='222'><subfield code='a'>Granta</subfield></datafield><datafield ind1='0' ind2='4' tag='245'><subfield code='a'>The Granta.</subfield></datafield><datafield ind1='1' ind2=' ' tag='246'><subfield code='a'>Granta magazine</subfield></datafield><datafield ind1=' ' ind2=' ' tag='260'><subfield code='a'>[London] :</subfield><subfield code='b'>[Printed and published for the proprietor by King, Sell, &amp; Railtor, Ltd.],</subfield><subfield code='c'>[1889]-</subfield></datafield><datafield ind1='3' ind2='1' tag='264'><subfield code='3'>&lt;2000-&gt; :</subfield><subfield code='a'>London :</subfield><subfield code='b'>Granta Publications</subfield></datafield><datafield ind1=' ' ind2=' ' tag='300'><subfield code='a'>volumes :</subfield><subfield code='b'>illustrations ;</subfield><subfield code='c'>21-27 cm</subfield></datafield><datafield ind1=' ' ind2=' ' tag='310'><subfield code='a'>Quarterly,</subfield><subfield code='b'>2010-</subfield></datafield><datafield ind1=' ' ind2=' ' tag='321'><subfield code='a'>Weekly,</subfield><subfield code='b'>Jan. 1889-1978</subfield></datafield><datafield ind1=' ' ind2=' ' tag='321'><subfield code='a'>Quarterly,</subfield><subfield code='b'>1979-2008</subfield></datafield><datafield ind1=' ' ind2=' ' tag='321'><subfield code='a'>5 issues per year,</subfield><subfield code='b'>2009</subfield></datafield><datafield ind1=' ' ind2=' ' tag='336'><subfield code='a'>text</subfield><subfield code='b'>txt</subfield><subfield code='2'>rdacontent</subfield></datafield><datafield ind1=' ' ind2=' ' tag='337'><subfield code='a'>unmediated</subfield><subfield code='b'>n</subfield><subfield code='2'>rdamedia</subfield></datafield><datafield ind1=' ' ind2=' ' tag='338'><subfield code='a'>volume</subfield><subfield code='b'>nc</subfield><subfield code='2'>rdacarrier</subfield></datafield><datafield ind1='0' ind2=' ' tag='362'><subfield code='a'>Vol. 1, no. 1 (Jan. 18, 1889)- ; [new ser., 1 (1979)]-</subfield></datafield><datafield ind1=' ' ind2=' ' tag='500'><subfield code='a'>Title from caption.</subfield></datafield><datafield ind1=' ' ind2=' ' tag='500'><subfield code='a'>&quot;Granta&apos;s first incarnation was as a student magazine at Cambridge University. It began in 1889 and published the early work of writers as various as E.M. Forster and A.A. Milne, Ted Hughes and Sylvia Plath. Granta&apos;s second incarnation took it out of Cambridge and into the wider world. It began in 1979.&quot; (a brief history from the Granta web page).</subfield></datafield><datafield ind1=' ' ind2=' ' tag='500'><subfield code='a'>Subtitle varies: 1889-19??, A college joke to cure the dumps; &lt;autumn 2000&gt;-, The magazine of new writing.</subfield></datafield><datafield ind1=' ' ind2=' ' tag='500'><subfield code='a'>In the new series, most issues have also a distinctive title.</subfield></datafield><datafield ind1=' ' ind2=' ' tag='515'><subfield code='a'>Not published winter 1985/1986, fall 1986, summer 1987, winter 1987/1988, winter 1988/1989, winter 1990/1991, winter 1994/1995, and spring 1995.</subfield></datafield><datafield ind1=' ' ind2=' ' tag='515'><subfield code='a'>Issues 29-30 dated winter 1989 and winter 1990, respectively.</subfield></datafield><datafield ind1=' ' ind2=' ' tag='515'><subfield code='a'>Issues 31-32 both dated spring 1990.</subfield></datafield><datafield ind1=' ' ind2=' ' tag='580'><subfield code='a'>Also published concurrently in numerous language editions, including: Bulgarian, Hebrew, Portuguese and Spanish, etc.</subfield></datafield><datafield ind1=' ' ind2=' ' tag='588'><subfield code='a'>Latest issue consulted: Issue 124 (summer 2013).</subfield></datafield><datafield ind1=' ' ind2=' ' tag='590'><subfield code='a'>Stanford Auxiliary Library, SAL3 copy 1: v.68:no.1229-v.68:no.1230, v.69:no.1240, v.69:no.1243, v.71:no.12457 (1963-1965): Robert Creeley Papers Collection.</subfield></datafield><datafield ind1=' ' ind2='0' tag='650'><subfield code='a'>Literature, Modern</subfield><subfield code='y'>21st century</subfield><subfield code='v'>Periodicals.</subfield><subfield code=' '>^A2444943</subfield></datafield><datafield ind1=' ' ind2='0' tag='650'><subfield code='a'>Literature, Modern</subfield><subfield code='y'>20th century</subfield><subfield code='v'>Periodicals.</subfield><subfield code=' '>^A2102170</subfield></datafield><datafield ind1=' ' ind2='7' tag='650'><subfield code='a'>Literature, Modern.</subfield><subfield code='2'>fast</subfield><subfield code='0'>(OCoLC)fst01000172</subfield></datafield><datafield ind1=' ' ind2='7' tag='648'><subfield code='a'>1900 - 2099</subfield><subfield code='2'>fast</subfield></datafield><datafield ind1=' ' ind2='7' tag='655'><subfield code='a'>Serial publications</subfield><subfield code='2'>fast</subfield><subfield code='0'>(OCoLC)fst01919968</subfield><subfield code=' '>^A3369213</subfield></datafield><datafield ind1=' ' ind2='7' tag='655'><subfield code='a'>Serial publications.</subfield><subfield code='2'>lcgft</subfield><subfield code=' '>^A3369213</subfield></datafield><datafield ind1=' ' ind2='7' tag='655'><subfield code='a'>Periodicals.</subfield><subfield code='2'>fast</subfield><subfield code='0'>(OCoLC)fst01411641</subfield><subfield code=' '>^A3353385</subfield></datafield><datafield ind1=' ' ind2='4' tag='690'><subfield code='a'>Robert Creeley Papers Collection.</subfield></datafield><datafield ind1='0' ind2='8' tag='776'><subfield code='i'>Online version:</subfield><subfield code='t'>Granta</subfield><subfield code='w'>(OCoLC)646212681</subfield></datafield><datafield ind1=' ' ind2=' ' tag='916'><subfield code='a'>DATE CATALOGED</subfield><subfield code='b'>19901130</subfield></datafield><datafield ind1=' ' ind2=' ' tag='994'><subfield code='a'>C0</subfield><subfield code='b'>STF</subfield></datafield><datafield ind1=' ' ind2=' ' tag='035'><subfield code='a'>(CStRLIN)CSUP81-S475</subfield></datafield><datafield ind1=' ' ind2=' ' tag='035'><subfield code='a'>(CSt)19130767-s</subfield></datafield><datafield ind1=' ' ind2=' ' tag='035'><subfield code='a'>(OCoLC-M)6619122</subfield></datafield><datafield ind1=' ' ind2=' ' tag='979'><subfield code='f'>SMALL</subfield><subfield code='b'>druid:nc890fs1666</subfield><subfield code='c'>nc890fs1666_00_0001.jp2</subfield><subfield code='d'>Rita H. Small Book Fund</subfield></datafield><datafield ind1=' ' ind2=' ' tag='596'><subfield code='a'>1 31</subfield></datafield><datafield ind1=' ' ind2=' ' tag='852'><subfield code='a'>CSt</subfield><subfield code='b'>GREEN</subfield><subfield code='c'>STACKS</subfield></datafield><datafield ind1='3' ind2='1' tag='866'><subfield code='8'>0</subfield><subfield code='a'>no.1(1979)-no.11(1984),no.13(1984)-no.40(1992),no.42(1992)-no.112(2010),no.115(2011)-no.141(2017)</subfield></datafield><datafield ind1=' ' ind2=' ' tag='852'><subfield code='a'>CSt</subfield><subfield code='b'>SAL3</subfield><subfield code='c'>PAGE-SP</subfield></datafield><datafield ind1='4' ind2='1' tag='866'><subfield code='8'>0</subfield><subfield code='a'>v.68:no.1229(1963:Oct.19)-v.68:no.1230(1963:Nov.9), v.69:no.1240(1964:Nov.28), v.69:no.1243(1965:Mar.6), v.71:no.12457(1965:Nov.6)</subfield></datafield><datafield ind1=' ' ind2=' ' tag='852'><subfield code='a'>CSt</subfield><subfield code='b'>GREEN</subfield><subfield code='c'>IC-DISPLAY</subfield><subfield code='z'>Latest issues in IC-DISPLAY; earlier issues in STACKS.</subfield><subfield code=' '>5368</subfield></datafield><datafield ind1='2' ind2=' ' tag='853'><subfield code='8'>2</subfield><subfield code='a'>yr.</subfield><subfield code='b'>no.</subfield><subfield code='u'>4</subfield><subfield code='v'>c</subfield><subfield code='i'>(year)</subfield><subfield code='j'>(season)</subfield></datafield><datafield ind1='2' ind2=' ' tag='853'><subfield code='8'>3</subfield><subfield code='a'>no.</subfield><subfield code='i'>(year)</subfield><subfield code='j'>(season)</subfield></datafield><datafield ind1='2' ind2=' ' tag='853'><subfield code='8'>4</subfield><subfield code='a'>v.</subfield><subfield code='b'>no.</subfield><subfield code='u'>5</subfield><subfield code='v'>r</subfield><subfield code='i'>(year)</subfield><subfield code='j'>(month)</subfield></datafield><datafield ind1='2' ind2=' ' tag='853'><subfield code='8'>5</subfield><subfield code='a'>no.</subfield><subfield code='i'>(year)</subfield><subfield code='j'>(month)</subfield></datafield><datafield ind1='2' ind2=' ' tag='853'><subfield code='8'>6</subfield><subfield code='a'>no.</subfield><subfield code='i'>(year)</subfield></datafield><datafield ind1='3' ind2='1' tag='866'><subfield code='8'>1</subfield><subfield code='a'>no.142(2018)-</subfield></datafield><datafield ind1=' ' ind2='1' tag='863'><subfield code='8'>3.1</subfield><subfield code='a'>65</subfield><subfield code='i'>1999</subfield><subfield code='j'>21</subfield></datafield><datafield ind1=' ' ind2='1' tag='863'><subfield code='8'>3.2</subfield><subfield code='a'>66</subfield><subfield code='i'>1999</subfield><subfield code='j'>22</subfield></datafield><datafield ind1=' ' ind2='1' tag='863'><subfield code='8'>3.3</subfield><subfield code='a'>67</subfield><subfield code='i'>1999</subfield><subfield code='j'>23</subfield></datafield><datafield ind1=' ' ind2='1' tag='863'><subfield code='8'>3.4</subfield><subfield code='a'>68</subfield><subfield code='i'>1999</subfield><subfield code='j'>24</subfield></datafield><datafield ind1=' ' ind2='1' tag='863'><subfield code='8'>3.5</subfield><subfield code='a'>69</subfield><subfield code='i'>2000</subfield><subfield code='j'>21</subfield></datafield><datafield ind1=' ' ind2='1' tag='863'><subfield code='8'>3.6</subfield><subfield code='a'>70</subfield><subfield code='i'>2000</subfield><subfield code='j'>22</subfield></datafield><datafield ind1=' ' ind2='1' tag='863'><subfield code='8'>3.7</subfield><subfield code='a'>71</subfield><subfield code='i'>2000</subfield><subfield code='j'>23</subfield></datafield><datafield ind1=' ' ind2='1' tag='863'><subfield code='8'>3.8</subfield><subfield code='a'>72</subfield><subfield code='i'>2000</subfield><subfield code='j'>24</subfield></datafield><datafield ind1=' ' ind2='1' tag='863'><subfield code='8'>3.9</subfield><subfield code='a'>73</subfield><subfield code='i'>2001</subfield><subfield code='j'>21</subfield></datafield><datafield ind1=' ' ind2='1' tag='863'><subfield code='8'>3.10</subfield><subfield code='a'>74</subfield><subfield code='i'>2001</subfield><subfield code='j'>22</subfield></datafield><datafield ind1=' ' ind2='1' tag='863'><subfield code='8'>3.11</subfield><subfield code='a'>75</subfield><subfield code='i'>2001</subfield><subfield code='j'>23</subfield></datafield><datafield ind1=' ' ind2='1' tag='863'><subfield code='8'>3.12</subfield><subfield code='a'>76</subfield><subfield code='i'>2001</subfield><subfield code='j'>24</subfield></datafield><datafield ind1=' ' ind2='1' tag='863'><subfield code='8'>3.13</subfield><subfield code='a'>77</subfield><subfield code='i'>2002</subfield><subfield code='j'>21</subfield></datafield><datafield ind1=' ' ind2='1' tag='863'><subfield code='8'>3.14</subfield><subfield code='a'>78</subfield><subfield code='i'>2002</subfield><subfield code='j'>22</subfield></datafield><datafield ind1=' ' ind2='1' tag='863'><subfield code='8'>3.15</subfield><subfield code='a'>79</subfield><subfield code='i'>2002</subfield><subfield code='j'>23</subfield></datafield><datafield ind1=' ' ind2='1' tag='863'><subfield code='8'>3.16</subfield><subfield code='a'>80</subfield><subfield code='i'>2002</subfield><subfield code='j'>24</subfield></datafield><datafield ind1=' ' ind2='1' tag='863'><subfield code='8'>3.17</subfield><subfield code='a'>81</subfield><subfield code='i'>2003</subfield><subfield code='j'>21</subfield></datafield><datafield ind1=' ' ind2='1' tag='863'><subfield code='8'>3.18</subfield><subfield code='a'>82</subfield><subfield code='i'>2003</subfield><subfield code='j'>22</subfield></datafield><datafield ind1=' ' ind2='1' tag='863'><subfield code='8'>3.19</subfield><subfield code='a'>83</subfield><subfield code='i'>2003</subfield><subfield code='j'>23</subfield></datafield><datafield ind1=' ' ind2='1' tag='863'><subfield code='8'>3.20</subfield><subfield code='a'>84</subfield><subfield code='i'>2003</subfield><subfield code='j'>24</subfield></datafield><datafield ind1=' ' ind2='1' tag='863'><subfield code='8'>3.21</subfield><subfield code='a'>85</subfield><subfield code='i'>2004</subfield><subfield code='j'>21</subfield></datafield><datafield ind1=' ' ind2='1' tag='863'><subfield code='8'>3.22</subfield><subfield code='a'>86</subfield><subfield code='i'>2004</subfield><subfield code='j'>22</subfield></datafield><datafield ind1=' ' ind2='1' tag='863'><subfield code='8'>3.23</subfield><subfield code='a'>87</subfield><subfield code='i'>2004</subfield><subfield code='j'>23</subfield></datafield><datafield ind1=' ' ind2='1' tag='863'><subfield code='8'>3.24</subfield><subfield code='a'>88</subfield><subfield code='i'>2004</subfield><subfield code='j'>24</subfield></datafield><datafield ind1=' ' ind2='1' tag='863'><subfield code='8'>3.25</subfield><subfield code='a'>89</subfield><subfield code='i'>2005</subfield><subfield code='j'>21</subfield></datafield><datafield ind1=' ' ind2='1' tag='863'><subfield code='8'>3.26</subfield><subfield code='a'>90</subfield><subfield code='i'>2005</subfield><subfield code='j'>22</subfield></datafield><datafield ind1=' ' ind2='1' tag='863'><subfield code='8'>3.27</subfield><subfield code='a'>91</subfield><subfield code='i'>2005</subfield><subfield code='j'>23</subfield></datafield><datafield ind1=' ' ind2='1' tag='863'><subfield code='8'>3.28</subfield><subfield code='a'>92</subfield><subfield code='i'>2005</subfield><subfield code='j'>24</subfield></datafield><datafield ind1=' ' ind2='1' tag='863'><subfield code='8'>3.29</subfield><subfield code='a'>93</subfield><subfield code='i'>2006</subfield><subfield code='j'>21</subfield></datafield><datafield ind1=' ' ind2='1' tag='863'><subfield code='8'>3.30</subfield><subfield code='a'>94</subfield><subfield code='i'>2006</subfield><subfield code='j'>22</subfield></datafield><datafield ind1=' ' ind2='1' tag='863'><subfield code='8'>3.31</subfield><subfield code='a'>95</subfield><subfield code='i'>2006</subfield><subfield code='j'>23</subfield></datafield><datafield ind1=' ' ind2='1' tag='863'><subfield code='8'>3.32</subfield><subfield code='a'>96</subfield><subfield code='i'>2006</subfield><subfield code='j'>24</subfield></datafield><datafield ind1=' ' ind2='1' tag='863'><subfield code='8'>3.33</subfield><subfield code='a'>97</subfield><subfield code='i'>2007</subfield><subfield code='j'>21</subfield></datafield><datafield ind1=' ' ind2='1' tag='863'><subfield code='8'>3.34</subfield><subfield code='a'>98</subfield><subfield code='i'>2007</subfield><subfield code='j'>22</subfield></datafield><datafield ind1=' ' ind2='1' tag='863'><subfield code='8'>3.35</subfield><subfield code='a'>99</subfield><subfield code='i'>2007</subfield><subfield code='j'>23</subfield></datafield><datafield ind1=' ' ind2='1' tag='863'><subfield code='8'>3.36</subfield><subfield code='a'>100</subfield><subfield code='i'>2007</subfield><subfield code='j'>24</subfield></datafield><datafield ind1=' ' ind2='1' tag='863'><subfield code='8'>3.37</subfield><subfield code='a'>101</subfield><subfield code='i'>2008</subfield><subfield code='j'>21</subfield></datafield><datafield ind1=' ' ind2='1' tag='863'><subfield code='8'>3.38</subfield><subfield code='a'>102</subfield><subfield code='i'>2008</subfield><subfield code='j'>22</subfield></datafield><datafield ind1=' ' ind2='1' tag='863'><subfield code='8'>3.39</subfield><subfield code='a'>103</subfield><subfield code='i'>2008</subfield><subfield code='j'>23</subfield></datafield><datafield ind1=' ' ind2='1' tag='863'><subfield code='8'>3.40</subfield><subfield code='a'>104</subfield><subfield code='i'>2008</subfield><subfield code='j'>24</subfield></datafield><datafield ind1=' ' ind2='1' tag='863'><subfield code='8'>3.41</subfield><subfield code='a'>105</subfield><subfield code='i'>2009</subfield><subfield code='j'>21</subfield></datafield><datafield ind1=' ' ind2='1' tag='863'><subfield code='8'>6.1</subfield><subfield code='a'>106</subfield><subfield code='i'>2009</subfield></datafield><datafield ind1=' ' ind2='1' tag='863'><subfield code='8'>6.2</subfield><subfield code='a'>107</subfield><subfield code='i'>2009</subfield></datafield><datafield ind1=' ' ind2='1' tag='863'><subfield code='8'>6.3</subfield><subfield code='a'>108</subfield><subfield code='i'>2009</subfield></datafield><datafield ind1=' ' ind2='1' tag='863'><subfield code='8'>6.4</subfield><subfield code='a'>109</subfield><subfield code='i'>2009</subfield></datafield><datafield ind1=' ' ind2='1' tag='863'><subfield code='8'>6.5</subfield><subfield code='a'>110</subfield><subfield code='i'>2010</subfield></datafield><datafield ind1=' ' ind2='1' tag='863'><subfield code='8'>6.6</subfield><subfield code='a'>111</subfield><subfield code='i'>2010</subfield></datafield><datafield ind1=' ' ind2='1' tag='863'><subfield code='8'>6.7</subfield><subfield code='a'>112</subfield><subfield code='i'>2010</subfield></datafield><datafield ind1=' ' ind2='1' tag='863'><subfield code='8'>6.8</subfield><subfield code='a'>113</subfield><subfield code='i'>2010</subfield></datafield><datafield ind1=' ' ind2='1' tag='863'><subfield code='8'>6.9</subfield><subfield code='a'>114</subfield><subfield code='i'>2011</subfield></datafield><datafield ind1=' ' ind2='1' tag='863'><subfield code='8'>6.10</subfield><subfield code='a'>115</subfield><subfield code='i'>2011</subfield></datafield><datafield ind1=' ' ind2='1' tag='863'><subfield code='8'>6.11</subfield><subfield code='a'>116</subfield><subfield code='i'>2011</subfield></datafield><datafield ind1=' ' ind2='1' tag='863'><subfield code='8'>6.12</subfield><subfield code='a'>117</subfield><subfield code='i'>2011</subfield></datafield><datafield ind1=' ' ind2='1' tag='863'><subfield code='8'>6.13</subfield><subfield code='a'>118</subfield><subfield code='i'>2012</subfield></datafield><datafield ind1=' ' ind2='1' tag='863'><subfield code='8'>6.14</subfield><subfield code='a'>119</subfield><subfield code='i'>2012</subfield></datafield><datafield ind1=' ' ind2='1' tag='863'><subfield code='8'>6.15</subfield><subfield code='a'>120</subfield><subfield code='i'>2012</subfield></datafield><datafield ind1=' ' ind2='1' tag='863'><subfield code='8'>6.16</subfield><subfield code='a'>121</subfield><subfield code='i'>2012</subfield></datafield><datafield ind1=' ' ind2='1' tag='863'><subfield code='8'>6.17</subfield><subfield code='a'>122</subfield><subfield code='i'>2013</subfield></datafield><datafield ind1=' ' ind2='1' tag='863'><subfield code='8'>6.18</subfield><subfield code='a'>123</subfield><subfield code='i'>2013</subfield></datafield><datafield ind1=' ' ind2='1' tag='863'><subfield code='8'>6.19</subfield><subfield code='a'>124</subfield><subfield code='i'>2013</subfield></datafield><datafield ind1=' ' ind2='1' tag='863'><subfield code='8'>6.20</subfield><subfield code='a'>125</subfield><subfield code='i'>2013</subfield></datafield><datafield ind1=' ' ind2='1' tag='863'><subfield code='8'>6.21</subfield><subfield code='a'>126</subfield><subfield code='i'>2014</subfield></datafield><datafield ind1=' ' ind2='1' tag='863'><subfield code='8'>6.22</subfield><subfield code='a'>127</subfield><subfield code='i'>2014</subfield></datafield><datafield ind1=' ' ind2='1' tag='863'><subfield code='8'>6.23</subfield><subfield code='a'>128</subfield><subfield code='i'>2014</subfield></datafield><datafield ind1=' ' ind2='1' tag='863'><subfield code='8'>6.24</subfield><subfield code='a'>129</subfield><subfield code='i'>2014</subfield></datafield><datafield ind1=' ' ind2='1' tag='863'><subfield code='8'>6.25</subfield><subfield code='a'>130</subfield><subfield code='i'>2015</subfield></datafield><datafield ind1=' ' ind2='1' tag='863'><subfield code='8'>6.26</subfield><subfield code='a'>131</subfield><subfield code='i'>2015</subfield></datafield><datafield ind1=' ' ind2='1' tag='863'><subfield code='8'>6.27</subfield><subfield code='a'>132</subfield><subfield code='i'>2015</subfield></datafield><datafield ind1=' ' ind2='1' tag='863'><subfield code='8'>6.28</subfield><subfield code='a'>133</subfield><subfield code='i'>2015</subfield></datafield><datafield ind1=' ' ind2='1' tag='863'><subfield code='8'>6.29</subfield><subfield code='a'>134</subfield><subfield code='i'>2016</subfield></datafield><datafield ind1=' ' ind2='1' tag='863'><subfield code='8'>6.30</subfield><subfield code='a'>135</subfield><subfield code='i'>2016</subfield></datafield><datafield ind1=' ' ind2='1' tag='863'><subfield code='8'>6.31</subfield><subfield code='a'>136</subfield><subfield code='i'>2016</subfield></datafield><datafield ind1=' ' ind2='1' tag='863'><subfield code='8'>6.32</subfield><subfield code='a'>137</subfield><subfield code='i'>2016</subfield></datafield><datafield ind1=' ' ind2='1' tag='863'><subfield code='8'>6.33</subfield><subfield code='a'>138</subfield><subfield code='i'>2017</subfield></datafield><datafield ind1=' ' ind2='1' tag='863'><subfield code='8'>6.34</subfield><subfield code='a'>139</subfield><subfield code='i'>2017</subfield></datafield><datafield ind1=' ' ind2='1' tag='863'><subfield code='8'>6.35</subfield><subfield code='a'>140</subfield><subfield code='i'>2017</subfield></datafield><datafield ind1=' ' ind2='1' tag='863'><subfield code='8'>6.36</subfield><subfield code='a'>141</subfield><subfield code='i'>2017</subfield></datafield><datafield ind1=' ' ind2='1' tag='863'><subfield code='8'>6.37</subfield><subfield code='a'>142</subfield><subfield code='i'>2018</subfield></datafield><datafield ind1=' ' ind2='1' tag='863'><subfield code='8'>6.38</subfield><subfield code='a'>143</subfield><subfield code='i'>2018</subfield></datafield><datafield ind1=' ' ind2=' ' tag='999'><subfield code='a'>PN2 .G7 NO.1-3 1979-1980</subfield><subfield code='w'>LCPER</subfield><subfield code='c'>1</subfield><subfield code='i'>36105007049690</subfield><subfield code='d'>1/20/2011</subfield><subfield code='e'>1/7/2011</subfield><subfield code='l'>STACKS</subfield><subfield code='m'>GREEN</subfield><subfield code='n'>4</subfield><subfield code='q'>1</subfield><subfield code='r'>Y</subfield><subfield code='s'>Y</subfield><subfield code='t'>STKS-PERI</subfield><subfield code='u'>10/27/1981</subfield><subfield code='z'>DIGI-SENT</subfield></datafield><datafield ind1=' ' ind2=' ' tag='999'><subfield code='a'>PN2 .G7 NO.4-5 1981-1982</subfield><subfield code='w'>LCPER</subfield><subfield code='c'>1</subfield><subfield code='i'>36105007049708</subfield><subfield code='d'>1/20/2011</subfield><subfield code='e'>1/7/2011</subfield><subfield code='l'>STACKS</subfield><subfield code='m'>GREEN</subfield><subfield code='r'>Y</subfield><subfield code='s'>Y</subfield><subfield code='t'>STKS-PERI</subfield><subfield code='u'>10/27/1981</subfield><subfield code='z'>DIGI-SENT</subfield></datafield><datafield ind1=' ' ind2=' ' tag='999'><subfield code='a'>PN2 .G7 NO.8-9 1983</subfield><subfield code='w'>LCPER</subfield><subfield code='c'>1</subfield><subfield code='i'>36105007049716</subfield><subfield code='d'>1/20/2011</subfield><subfield code='e'>1/7/2011</subfield><subfield code='l'>STACKS</subfield><subfield code='m'>GREEN</subfield><subfield code='n'>1</subfield><subfield code='q'>1</subfield><subfield code='r'>Y</subfield><subfield code='s'>Y</subfield><subfield code='t'>STKS-PERI</subfield><subfield code='u'>10/27/1981</subfield><subfield code='z'>DIGI-SENT</subfield></datafield><datafield ind1=' ' ind2=' ' tag='999'><subfield code='a'>PN2 .G7 NO.10-11 1984</subfield><subfield code='w'>LCPER</subfield><subfield code='c'>1</subfield><subfield code='i'>36105007049732</subfield><subfield code='d'>7/22/2014</subfield><subfield code='e'>1/7/2011</subfield><subfield code='l'>STACKS</subfield><subfield code='m'>GREEN</subfield><subfield code='n'>1</subfield><subfield code='q'>4</subfield><subfield code='r'>Y</subfield><subfield code='s'>Y</subfield><subfield code='t'>STKS-PERI</subfield><subfield code='u'>10/27/1981</subfield><subfield code='z'>DIGI-SENT</subfield></datafield><datafield ind1=' ' ind2=' ' tag='999'><subfield code='a'>PN2 .G7 NO.18-20 1986</subfield><subfield code='w'>LCPER</subfield><subfield code='c'>1</subfield><subfield code='i'>36105007049740</subfield><subfield code='d'>9/30/2009</subfield><subfield code='e'>9/18/2009</subfield><subfield code='l'>STACKS</subfield><subfield code='m'>GREEN</subfield><subfield code='n'>2</subfield><subfield code='r'>Y</subfield><subfield code='s'>Y</subfield><subfield code='t'>STKS-PERI</subfield><subfield code='u'>10/27/1981</subfield><subfield code='z'>DIGI-SENT</subfield></datafield><datafield ind1=' ' ind2=' ' tag='999'><subfield code='a'>PN2 .G7 NO.21-22 1987</subfield><subfield code='w'>LCPER</subfield><subfield code='c'>1</subfield><subfield code='i'>36105007049757</subfield><subfield code='d'>5/21/1998</subfield><subfield code='e'>4/6/1996</subfield><subfield code='l'>STACKS</subfield><subfield code='m'>GREEN</subfield><subfield code='q'>2</subfield><subfield code='r'>Y</subfield><subfield code='s'>Y</subfield><subfield code='t'>STKS-PERI</subfield><subfield code='u'>10/27/1981</subfield></datafield><datafield ind1=' ' ind2=' ' tag='999'><subfield code='a'>PN2 .G7 NO.23-25 1988</subfield><subfield code='w'>LCPER</subfield><subfield code='c'>1</subfield><subfield code='i'>36105007049765</subfield><subfield code='d'>7/24/2015</subfield><subfield code='e'>7/20/2015</subfield><subfield code='l'>STACKS</subfield><subfield code='m'>GREEN</subfield><subfield code='n'>4</subfield><subfield code='q'>4</subfield><subfield code='r'>Y</subfield><subfield code='s'>Y</subfield><subfield code='t'>STKS-PERI</subfield><subfield code='u'>10/27/1981</subfield></datafield><datafield ind1=' ' ind2=' ' tag='999'><subfield code='a'>PN2 .G7 NO.26-27 1989</subfield><subfield code='w'>LCPER</subfield><subfield code='c'>1</subfield><subfield code='i'>36105007049773</subfield><subfield code='d'>11/13/2003</subfield><subfield code='e'>11/12/2003</subfield><subfield code='l'>STACKS</subfield><subfield code='m'>GREEN</subfield><subfield code='n'>2</subfield><subfield code='q'>1</subfield><subfield code='r'>Y</subfield><subfield code='s'>Y</subfield><subfield code='t'>STKS-PERI</subfield><subfield code='u'>10/27/1981</subfield></datafield><datafield ind1=' ' ind2=' ' tag='999'><subfield code='a'>PN2 .G7 NO.28-29 1989</subfield><subfield code='w'>LCPER</subfield><subfield code='c'>1</subfield><subfield code='i'>36105007049781</subfield><subfield code='d'>2/25/2016</subfield><subfield code='e'>2/17/2016</subfield><subfield code='l'>STACKS</subfield><subfield code='m'>GREEN</subfield><subfield code='n'>1</subfield><subfield code='q'>2</subfield><subfield code='r'>Y</subfield><subfield code='s'>Y</subfield><subfield code='t'>STKS-PERI</subfield><subfield code='u'>10/27/1981</subfield></datafield><datafield ind1=' ' ind2=' ' tag='999'><subfield code='a'>PN2 .G7 NO.32-34 1990</subfield><subfield code='w'>LCPER</subfield><subfield code='c'>1</subfield><subfield code='i'>36105007049807</subfield><subfield code='d'>6/11/2005</subfield><subfield code='e'>6/4/2005</subfield><subfield code='l'>STACKS</subfield><subfield code='m'>GREEN</subfield><subfield code='n'>2</subfield><subfield code='q'>1</subfield><subfield code='r'>Y</subfield><subfield code='s'>Y</subfield><subfield code='t'>STKS-PERI</subfield><subfield code='u'>10/27/1981</subfield></datafield><datafield ind1=' ' ind2=' ' tag='999'><subfield code='a'>PN2 .G7 NO.30-31 1990</subfield><subfield code='w'>LCPER</subfield><subfield code='c'>1</subfield><subfield code='i'>36105007049799</subfield><subfield code='d'>10/23/2006</subfield><subfield code='e'>12/1/1995</subfield><subfield code='l'>STACKS</subfield><subfield code='m'>GREEN</subfield><subfield code='q'>2</subfield><subfield code='r'>Y</subfield><subfield code='s'>Y</subfield><subfield code='t'>STKS-PERI</subfield><subfield code='u'>10/27/1981</subfield></datafield><datafield ind1=' ' ind2=' ' tag='999'><subfield code='a'>PN2 .G7 NO.35-36 1991</subfield><subfield code='w'>LCPER</subfield><subfield code='c'>1</subfield><subfield code='i'>36105007049815</subfield><subfield code='d'>5/21/1998</subfield><subfield code='e'>11/28/1994</subfield><subfield code='l'>STACKS</subfield><subfield code='m'>GREEN</subfield><subfield code='n'>2</subfield><subfield code='q'>1</subfield><subfield code='r'>Y</subfield><subfield code='s'>Y</subfield><subfield code='t'>STKS-PERI</subfield><subfield code='u'>10/27/1981</subfield></datafield><datafield ind1=' ' ind2=' ' tag='999'><subfield code='a'>PN2 .G7 NO.39-40 1992</subfield><subfield code='w'>LCPER</subfield><subfield code='c'>1</subfield><subfield code='i'>36105007049823</subfield><subfield code='d'>6/2/1998</subfield><subfield code='e'>10/16/1995</subfield><subfield code='l'>STACKS</subfield><subfield code='m'>GREEN</subfield><subfield code='n'>2</subfield><subfield code='q'>1</subfield><subfield code='r'>Y</subfield><subfield code='s'>Y</subfield><subfield code='t'>STKS-PERI</subfield><subfield code='u'>10/27/1981</subfield></datafield><datafield ind1=' ' ind2=' ' tag='999'><subfield code='a'>PN2 .G7 NO.37-38 1991</subfield><subfield code='w'>LCPER</subfield><subfield code='c'>1</subfield><subfield code='i'>36105005600247</subfield><subfield code='d'>11/8/2005</subfield><subfield code='e'>9/21/1994</subfield><subfield code='l'>STACKS</subfield><subfield code='m'>GREEN</subfield><subfield code='q'>2</subfield><subfield code='r'>Y</subfield><subfield code='s'>Y</subfield><subfield code='t'>STKS-PERI</subfield><subfield code='u'>10/27/1981</subfield></datafield><datafield ind1=' ' ind2=' ' tag='999'><subfield code='a'>PN2 .G7 NO.43-45 1993</subfield><subfield code='w'>LCPER</subfield><subfield code='c'>1</subfield><subfield code='i'>36105005600254</subfield><subfield code='d'>3/19/2003</subfield><subfield code='e'>3/17/2003</subfield><subfield code='l'>STACKS</subfield><subfield code='m'>GREEN</subfield><subfield code='n'>4</subfield><subfield code='q'>2</subfield><subfield code='r'>Y</subfield><subfield code='s'>Y</subfield><subfield code='t'>STKS-PERI</subfield><subfield code='u'>10/27/1981</subfield></datafield><datafield ind1=' ' ind2=' ' tag='999'><subfield code='a'>PN2 .G7 NO.42 1992</subfield><subfield code='w'>LCPER</subfield><subfield code='c'>1</subfield><subfield code='i'>36105016142437</subfield><subfield code='d'>5/27/1998</subfield><subfield code='e'>12/6/1995</subfield><subfield code='l'>STACKS</subfield><subfield code='m'>GREEN</subfield><subfield code='n'>3</subfield><subfield code='r'>Y</subfield><subfield code='s'>Y</subfield><subfield code='t'>STKS-PERI</subfield><subfield code='u'>10/27/1981</subfield></datafield><datafield ind1=' ' ind2=' ' tag='999'><subfield code='a'>PN2 .G7 NO.13-14 1984</subfield><subfield code='w'>LCPER</subfield><subfield code='c'>1</subfield><subfield code='i'>36105010618176</subfield><subfield code='d'>1/31/2000</subfield><subfield code='e'>11/18/1998</subfield><subfield code='l'>STACKS</subfield><subfield code='m'>GREEN</subfield><subfield code='n'>2</subfield><subfield code='q'>3</subfield><subfield code='r'>Y</subfield><subfield code='s'>Y</subfield><subfield code='t'>STKS-PERI</subfield><subfield code='u'>10/27/1981</subfield></datafield><datafield ind1=' ' ind2=' ' tag='999'><subfield code='a'>PN2 .G7 NO.46-49 1994</subfield><subfield code='w'>LCPER</subfield><subfield code='c'>1</subfield><subfield code='i'>36105016164621</subfield><subfield code='d'>11/7/2005</subfield><subfield code='e'>11/1/2005</subfield><subfield code='l'>STACKS</subfield><subfield code='m'>GREEN</subfield><subfield code='n'>5</subfield><subfield code='r'>Y</subfield><subfield code='s'>Y</subfield><subfield code='t'>STKS-PERI</subfield><subfield code='u'>10/27/1981</subfield></datafield><datafield ind1=' ' ind2=' ' tag='999'><subfield code='a'>PN2 .G7 NO.50-52 1995</subfield><subfield code='w'>LCPER</subfield><subfield code='c'>1</subfield><subfield code='i'>36105017457438</subfield><subfield code='d'>1/20/2011</subfield><subfield code='e'>7/19/1996</subfield><subfield code='l'>STACKS</subfield><subfield code='m'>GREEN</subfield><subfield code='n'>1</subfield><subfield code='q'>3</subfield><subfield code='r'>Y</subfield><subfield code='s'>Y</subfield><subfield code='t'>STKS-PERI</subfield><subfield code='u'>10/27/1981</subfield></datafield><datafield ind1=' ' ind2=' ' tag='999'><subfield code='a'>PN2 .G7 NO.53-54 1996</subfield><subfield code='w'>LCPER</subfield><subfield code='c'>1</subfield><subfield code='i'>36105017958872</subfield><subfield code='d'>3/7/2008</subfield><subfield code='e'>3/5/2008</subfield><subfield code='l'>STACKS</subfield><subfield code='m'>GREEN</subfield><subfield code='n'>4</subfield><subfield code='q'>1</subfield><subfield code='r'>Y</subfield><subfield code='s'>Y</subfield><subfield code='t'>STKS-PERI</subfield><subfield code='u'>4/18/1997</subfield></datafield><datafield ind1=' ' ind2=' ' tag='999'><subfield code='a'>PN2 .G7 NO.55-56 1996</subfield><subfield code='w'>LCPER</subfield><subfield code='c'>1</subfield><subfield code='i'>36105017958880</subfield><subfield code='d'>6/17/1998</subfield><subfield code='e'>7/22/1997</subfield><subfield code='l'>STACKS</subfield><subfield code='m'>GREEN</subfield><subfield code='n'>2</subfield><subfield code='r'>Y</subfield><subfield code='s'>Y</subfield><subfield code='t'>STKS-PERI</subfield><subfield code='u'>4/18/1997</subfield></datafield><datafield ind1=' ' ind2=' ' tag='999'><subfield code='a'>PN2 .G7 NO.59-60 1997</subfield><subfield code='w'>LCPER</subfield><subfield code='c'>1</subfield><subfield code='i'>36105020782756</subfield><subfield code='d'>5/4/2007</subfield><subfield code='e'>11/19/2001</subfield><subfield code='l'>STACKS</subfield><subfield code='m'>GREEN</subfield><subfield code='n'>3</subfield><subfield code='q'>3</subfield><subfield code='r'>Y</subfield><subfield code='s'>Y</subfield><subfield code='t'>STKS-PERI</subfield><subfield code='u'>4/9/1998</subfield></datafield><datafield ind1=' ' ind2=' ' tag='999'><subfield code='a'>PN2 .G7 NO.57-58 1997</subfield><subfield code='w'>LCPER</subfield><subfield code='c'>1</subfield><subfield code='i'>36105020782970</subfield><subfield code='d'>6/30/1998</subfield><subfield code='e'>5/7/1998</subfield><subfield code='l'>STACKS</subfield><subfield code='m'>GREEN</subfield><subfield code='n'>3</subfield><subfield code='r'>Y</subfield><subfield code='s'>Y</subfield><subfield code='t'>STKS-PERI</subfield><subfield code='u'>4/9/1998</subfield></datafield><datafield ind1=' ' ind2=' ' tag='999'><subfield code='a'>PN2 .G7 NO.61-62 1998</subfield><subfield code='w'>LCPER</subfield><subfield code='c'>1</subfield><subfield code='i'>36105022102409</subfield><subfield code='d'>12/7/2000</subfield><subfield code='e'>12/4/2000</subfield><subfield code='l'>STACKS</subfield><subfield code='m'>GREEN</subfield><subfield code='n'>3</subfield><subfield code='r'>Y</subfield><subfield code='s'>Y</subfield><subfield code='t'>STKS-PERI</subfield><subfield code='u'>5/4/1999</subfield></datafield><datafield ind1=' ' ind2=' ' tag='999'><subfield code='a'>PN2 .G7 NO.63-64 1998</subfield><subfield code='w'>LCPER</subfield><subfield code='c'>1</subfield><subfield code='i'>36105022110675</subfield><subfield code='d'>5/19/2006</subfield><subfield code='e'>5/10/2006</subfield><subfield code='l'>STACKS</subfield><subfield code='m'>GREEN</subfield><subfield code='n'>4</subfield><subfield code='r'>Y</subfield><subfield code='s'>Y</subfield><subfield code='t'>STKS-PERI</subfield><subfield code='u'>6/6/1999</subfield></datafield><datafield ind1=' ' ind2=' ' tag='999'><subfield code='a'>PN2 .G7 NO.67-68 1999</subfield><subfield code='w'>LCPER</subfield><subfield code='c'>1</subfield><subfield code='i'>36105029533515</subfield><subfield code='d'>7/26/2005</subfield><subfield code='e'>7/19/2005</subfield><subfield code='l'>STACKS</subfield><subfield code='m'>GREEN</subfield><subfield code='n'>4</subfield><subfield code='q'>1</subfield><subfield code='r'>Y</subfield><subfield code='s'>Y</subfield><subfield code='t'>STKS-PERI</subfield><subfield code='u'>9/20/2000</subfield></datafield><datafield ind1=' ' ind2=' ' tag='999'><subfield code='a'>PN2 .G7 NO.65-66 1999</subfield><subfield code='w'>LCPER</subfield><subfield code='c'>1</subfield><subfield code='i'>36105029533523</subfield><subfield code='d'>2/18/2014</subfield><subfield code='e'>2/11/2014</subfield><subfield code='l'>STACKS</subfield><subfield code='m'>GREEN</subfield><subfield code='n'>4</subfield><subfield code='q'>1</subfield><subfield code='r'>Y</subfield><subfield code='s'>Y</subfield><subfield code='t'>STKS-PERI</subfield><subfield code='u'>9/20/2000</subfield></datafield><datafield ind1=' ' ind2=' ' tag='999'><subfield code='a'>PN2 .G7 NO.75-76 2001</subfield><subfield code='w'>LCPER</subfield><subfield code='c'>1</subfield><subfield code='i'>36105111266644</subfield><subfield code='d'>4/25/2006</subfield><subfield code='e'>4/11/2006</subfield><subfield code='l'>STACKS</subfield><subfield code='m'>GREEN</subfield><subfield code='n'>2</subfield><subfield code='r'>Y</subfield><subfield code='s'>Y</subfield><subfield code='t'>STKS-PERI</subfield><subfield code='u'>9/9/2002</subfield></datafield><datafield ind1=' ' ind2=' ' tag='999'><subfield code='a'>PN2 .G7 NO.73-74 2001</subfield><subfield code='w'>LCPER</subfield><subfield code='c'>1</subfield><subfield code='i'>36105111266651</subfield><subfield code='d'>12/4/2002</subfield><subfield code='e'>9/24/2002</subfield><subfield code='l'>STACKS</subfield><subfield code='m'>GREEN</subfield><subfield code='n'>1</subfield><subfield code='r'>Y</subfield><subfield code='s'>Y</subfield><subfield code='t'>STKS-PERI</subfield><subfield code='u'>9/9/2002</subfield></datafield><datafield ind1=' ' ind2=' ' tag='999'><subfield code='a'>PN2 .G7 NO.72 2000</subfield><subfield code='w'>LCPER</subfield><subfield code='c'>1</subfield><subfield code='i'>36105111266669</subfield><subfield code='d'>12/5/2002</subfield><subfield code='e'>9/24/2002</subfield><subfield code='l'>STACKS</subfield><subfield code='m'>GREEN</subfield><subfield code='n'>1</subfield><subfield code='r'>Y</subfield><subfield code='s'>Y</subfield><subfield code='t'>STKS-PERI</subfield><subfield code='u'>9/9/2002</subfield></datafield><datafield ind1=' ' ind2=' ' tag='999'><subfield code='a'>PN2 .G7 NO.69-70 2000</subfield><subfield code='w'>LCPER</subfield><subfield code='c'>1</subfield><subfield code='i'>36105111266677</subfield><subfield code='d'>12/4/2002</subfield><subfield code='e'>9/24/2002</subfield><subfield code='l'>STACKS</subfield><subfield code='m'>GREEN</subfield><subfield code='n'>1</subfield><subfield code='r'>Y</subfield><subfield code='s'>Y</subfield><subfield code='t'>STKS-PERI</subfield><subfield code='u'>9/9/2002</subfield></datafield><datafield ind1=' ' ind2=' ' tag='999'><subfield code='a'>PN2 .G7 NO.6-7 1983</subfield><subfield code='w'>LC</subfield><subfield code='c'>1</subfield><subfield code='i'>36105115522133</subfield><subfield code='d'>7/22/2014</subfield><subfield code='e'>1/7/2011</subfield><subfield code='l'>STACKS</subfield><subfield code='m'>GREEN</subfield><subfield code='q'>3</subfield><subfield code='r'>Y</subfield><subfield code='s'>Y</subfield><subfield code='t'>STKS-PERI</subfield><subfield code='u'>1/21/2003</subfield><subfield code='z'>DIGI-SENT</subfield></datafield><datafield ind1=' ' ind2=' ' tag='999'><subfield code='a'>PN2 .G7 NO.15-17 1985</subfield><subfield code='w'>LC</subfield><subfield code='c'>1</subfield><subfield code='i'>36105115522141</subfield><subfield code='d'>1/20/2011</subfield><subfield code='e'>1/7/2011</subfield><subfield code='l'>STACKS</subfield><subfield code='m'>GREEN</subfield><subfield code='r'>Y</subfield><subfield code='s'>Y</subfield><subfield code='t'>STKS-MONO</subfield><subfield code='u'>1/21/2003</subfield><subfield code='z'>DIGI-SENT</subfield></datafield><datafield ind1=' ' ind2=' ' tag='999'><subfield code='a'>PN2 .G7 NO.79-80 2002</subfield><subfield code='w'>LCPER</subfield><subfield code='c'>1</subfield><subfield code='i'>36105113339977</subfield><subfield code='d'>4/29/2013</subfield><subfield code='e'>4/22/2013</subfield><subfield code='l'>STACKS</subfield><subfield code='m'>GREEN</subfield><subfield code='n'>4</subfield><subfield code='r'>Y</subfield><subfield code='s'>Y</subfield><subfield code='t'>STKS-PERI</subfield><subfield code='u'>10/9/2003</subfield></datafield><datafield ind1=' ' ind2=' ' tag='999'><subfield code='a'>PN2 .G7 NO.77-78 2002</subfield><subfield code='w'>LCPER</subfield><subfield code='c'>1</subfield><subfield code='i'>36105113339985</subfield><subfield code='d'>4/22/2013</subfield><subfield code='e'>4/18/2013</subfield><subfield code='l'>STACKS</subfield><subfield code='m'>GREEN</subfield><subfield code='n'>4</subfield><subfield code='q'>1</subfield><subfield code='r'>Y</subfield><subfield code='s'>Y</subfield><subfield code='t'>STKS-PERI</subfield><subfield code='u'>10/9/2003</subfield></datafield><datafield ind1=' ' ind2=' ' tag='999'><subfield code='a'>PN2 .G7 NO.83-84 2003</subfield><subfield code='w'>LCPER</subfield><subfield code='c'>1</subfield><subfield code='i'>36105113528496</subfield><subfield code='d'>10/5/2009</subfield><subfield code='e'>10/5/2009</subfield><subfield code='l'>STACKS</subfield><subfield code='m'>GREEN</subfield><subfield code='n'>7</subfield><subfield code='q'>2</subfield><subfield code='r'>Y</subfield><subfield code='s'>Y</subfield><subfield code='t'>STKS-PERI</subfield><subfield code='u'>3/31/2004</subfield><subfield code='z'>NONTAXABLE</subfield></datafield><datafield ind1=' ' ind2=' ' tag='999'><subfield code='a'>PN2 .G7 NO.81-82 2003</subfield><subfield code='w'>LCPER</subfield><subfield code='c'>1</subfield><subfield code='i'>36105113528504</subfield><subfield code='d'>6/7/2010</subfield><subfield code='e'>5/29/2010</subfield><subfield code='l'>STACKS</subfield><subfield code='m'>GREEN</subfield><subfield code='n'>5</subfield><subfield code='q'>1</subfield><subfield code='r'>Y</subfield><subfield code='s'>Y</subfield><subfield code='t'>STKS-PERI</subfield><subfield code='u'>3/31/2004</subfield></datafield><datafield ind1=' ' ind2=' ' tag='999'><subfield code='a'>PN2 .G7 NO.71 2000</subfield><subfield code='w'>LCPER</subfield><subfield code='c'>1</subfield><subfield code='i'>36105113528512</subfield><subfield code='d'>5/20/2004</subfield><subfield code='e'>3/31/2004</subfield><subfield code='l'>STACKS</subfield><subfield code='m'>GREEN</subfield><subfield code='n'>1</subfield><subfield code='r'>Y</subfield><subfield code='s'>Y</subfield><subfield code='t'>STKS-PERI</subfield><subfield code='u'>3/31/2004</subfield></datafield><datafield ind1=' ' ind2=' ' tag='999'><subfield code='a'>PN2 .G7 NO.85-87 2004</subfield><subfield code='w'>LCPER</subfield><subfield code='c'>1</subfield><subfield code='i'>36105113515352</subfield><subfield code='d'>4/25/2006</subfield><subfield code='e'>4/11/2006</subfield><subfield code='l'>STACKS</subfield><subfield code='m'>GREEN</subfield><subfield code='n'>3</subfield><subfield code='r'>Y</subfield><subfield code='s'>Y</subfield><subfield code='t'>STKS-PERI</subfield><subfield code='u'>9/27/2005</subfield></datafield><datafield ind1=' ' ind2=' ' tag='999'><subfield code='a'>PN2 .G7 NO.91-92 2005</subfield><subfield code='w'>LCPER</subfield><subfield code='c'>1</subfield><subfield code='i'>36105121668730</subfield><subfield code='d'>7/3/2012</subfield><subfield code='e'>5/26/2012</subfield><subfield code='l'>STACKS</subfield><subfield code='m'>GREEN</subfield><subfield code='n'>9</subfield><subfield code='q'>2</subfield><subfield code='r'>Y</subfield><subfield code='s'>Y</subfield><subfield code='t'>STKS-PERI</subfield><subfield code='u'>4/19/2006</subfield></datafield><datafield ind1=' ' ind2=' ' tag='999'><subfield code='a'>PN2 .G7 NO.88-90 2004-2005</subfield><subfield code='w'>LCPER</subfield><subfield code='c'>1</subfield><subfield code='i'>36105121668748</subfield><subfield code='d'>4/29/2009</subfield><subfield code='e'>4/19/2006</subfield><subfield code='l'>STACKS</subfield><subfield code='m'>GREEN</subfield><subfield code='n'>1</subfield><subfield code='q'>1</subfield><subfield code='r'>Y</subfield><subfield code='s'>Y</subfield><subfield code='t'>STKS-PERI</subfield><subfield code='u'>4/19/2006</subfield></datafield><datafield ind1=' ' ind2=' ' tag='999'><subfield code='a'>PN2 .G7 NO.93-95 2006</subfield><subfield code='w'>LCPER</subfield><subfield code='c'>1</subfield><subfield code='i'>36105123015278</subfield><subfield code='d'>5/31/2007</subfield><subfield code='e'>2/14/2007</subfield><subfield code='l'>STACKS</subfield><subfield code='m'>GREEN</subfield><subfield code='n'>1</subfield><subfield code='q'>1</subfield><subfield code='r'>Y</subfield><subfield code='s'>Y</subfield><subfield code='t'>STKS-PERI</subfield><subfield code='u'>2/14/2007</subfield></datafield><datafield ind1=' ' ind2=' ' tag='999'><subfield code='a'>PN2 .G7 NO.96 2006</subfield><subfield code='w'>LCPER</subfield><subfield code='c'>1</subfield><subfield code='i'>36105131544665</subfield><subfield code='d'>5/1/2008</subfield><subfield code='e'>3/3/2008</subfield><subfield code='l'>STACKS</subfield><subfield code='m'>GREEN</subfield><subfield code='n'>1</subfield><subfield code='r'>Y</subfield><subfield code='s'>Y</subfield><subfield code='t'>STKS-PERI</subfield><subfield code='u'>3/3/2008</subfield></datafield><datafield ind1=' ' ind2=' ' tag='999'><subfield code='a'>PN2 .G7 NO.97-98 2007</subfield><subfield code='w'>LCPER</subfield><subfield code='c'>1</subfield><subfield code='i'>36105131544673</subfield><subfield code='d'>5/1/2008</subfield><subfield code='e'>3/3/2008</subfield><subfield code='l'>STACKS</subfield><subfield code='m'>GREEN</subfield><subfield code='n'>1</subfield><subfield code='r'>Y</subfield><subfield code='s'>Y</subfield><subfield code='t'>STKS-PERI</subfield><subfield code='u'>3/3/2008</subfield></datafield><datafield ind1=' ' ind2=' ' tag='999'><subfield code='a'>PN2 .G7 NO.99-100 2007</subfield><subfield code='w'>LCPER</subfield><subfield code='c'>1</subfield><subfield code='i'>36105131544681</subfield><subfield code='d'>5/1/2008</subfield><subfield code='e'>3/3/2008</subfield><subfield code='l'>STACKS</subfield><subfield code='m'>GREEN</subfield><subfield code='n'>1</subfield><subfield code='r'>Y</subfield><subfield code='s'>Y</subfield><subfield code='t'>STKS-PERI</subfield><subfield code='u'>3/3/2008</subfield></datafield><datafield ind1=' ' ind2=' ' tag='999'><subfield code='a'>PN2 .G7 NO.101 2008</subfield><subfield code='w'>LCPER</subfield><subfield code='c'>1</subfield><subfield code='i'>36105133500129</subfield><subfield code='d'>1/7/2009</subfield><subfield code='e'>9/19/2008</subfield><subfield code='l'>STACKS</subfield><subfield code='m'>GREEN</subfield><subfield code='n'>1</subfield><subfield code='r'>Y</subfield><subfield code='s'>Y</subfield><subfield code='t'>STKS-PERI</subfield><subfield code='u'>9/19/2008</subfield></datafield><datafield ind1=' ' ind2=' ' tag='999'><subfield code='a'>PN2 .G7 NO.104 2008</subfield><subfield code='w'>LCPER</subfield><subfield code='c'>1</subfield><subfield code='i'>36105132670279</subfield><subfield code='d'>11/25/2009</subfield><subfield code='e'>11/18/2009</subfield><subfield code='l'>STACKS</subfield><subfield code='m'>GREEN</subfield><subfield code='n'>2</subfield><subfield code='r'>Y</subfield><subfield code='s'>Y</subfield><subfield code='t'>STKS-PERI</subfield><subfield code='u'>4/13/2009</subfield></datafield><datafield ind1=' ' ind2=' ' tag='999'><subfield code='a'>PN2 .G7 NO.102-103 2008</subfield><subfield code='w'>LCPER</subfield><subfield code='c'>1</subfield><subfield code='i'>36105132670287</subfield><subfield code='d'>6/4/2009</subfield><subfield code='e'>4/15/2009</subfield><subfield code='l'>STACKS</subfield><subfield code='m'>GREEN</subfield><subfield code='n'>1</subfield><subfield code='r'>Y</subfield><subfield code='s'>Y</subfield><subfield code='t'>STKS-PERI</subfield><subfield code='u'>4/13/2009</subfield></datafield><datafield ind1=' ' ind2=' ' tag='999'><subfield code='a'>PN2 .G7 NO.105-107 2009</subfield><subfield code='w'>LCPER</subfield><subfield code='c'>1</subfield><subfield code='i'>36105132677951</subfield><subfield code='d'>6/4/2014</subfield><subfield code='e'>5/28/2014</subfield><subfield code='l'>STACKS</subfield><subfield code='m'>GREEN</subfield><subfield code='n'>2</subfield><subfield code='r'>Y</subfield><subfield code='s'>Y</subfield><subfield code='t'>STKS-PERI</subfield><subfield code='u'>12/10/2009</subfield></datafield><datafield ind1=' ' ind2=' ' tag='999'><subfield code='a'>PN2 .G7 NO.110-111 2010</subfield><subfield code='w'>LCPER</subfield><subfield code='c'>1</subfield><subfield code='i'>36105132682464</subfield><subfield code='d'>2/7/2011</subfield><subfield code='e'>11/10/2010</subfield><subfield code='l'>STACKS</subfield><subfield code='m'>GREEN</subfield><subfield code='n'>1</subfield><subfield code='r'>Y</subfield><subfield code='s'>Y</subfield><subfield code='t'>STKS-PERI</subfield><subfield code='u'>11/10/2010</subfield></datafield><datafield ind1=' ' ind2=' ' tag='999'><subfield code='a'>PN2 .G7 NO.108-109 2009</subfield><subfield code='w'>LCPER</subfield><subfield code='c'>1</subfield><subfield code='i'>36105132682506</subfield><subfield code='d'>6/14/2016</subfield><subfield code='e'>6/13/2016</subfield><subfield code='l'>STACKS</subfield><subfield code='m'>GREEN</subfield><subfield code='n'>1</subfield><subfield code='r'>Y</subfield><subfield code='s'>Y</subfield><subfield code='t'>STKS-PERI</subfield><subfield code='u'>11/10/2010</subfield></datafield><datafield ind1=' ' ind2=' ' tag='999'><subfield code='a'>PN2 .G7 V.68:NO.1229 1963:OCT.19</subfield><subfield code='w'>LCPER</subfield><subfield code='c'>1</subfield><subfield code='i'>36105215843496</subfield><subfield code='l'>PAGE-SP</subfield><subfield code='m'>SAL3</subfield><subfield code='r'>Y</subfield><subfield code='s'>Y</subfield><subfield code='t'>NH-INHOUSE</subfield><subfield code='u'>6/2/2011</subfield></datafield><datafield ind1=' ' ind2=' ' tag='999'><subfield code='a'>PN2 .G7 V.68:NO.1230 1963:NOV.9</subfield><subfield code='w'>LCPER</subfield><subfield code='c'>1</subfield><subfield code='i'>36105215843504</subfield><subfield code='l'>PAGE-SP</subfield><subfield code='m'>SAL3</subfield><subfield code='r'>Y</subfield><subfield code='s'>Y</subfield><subfield code='t'>NH-INHOUSE</subfield><subfield code='u'>6/2/2011</subfield></datafield><datafield ind1=' ' ind2=' ' tag='999'><subfield code='a'>PN2 .G7 V.69:NO.1240 1964:NOV.28</subfield><subfield code='w'>LCPER</subfield><subfield code='c'>1</subfield><subfield code='i'>36105215843512</subfield><subfield code='l'>PAGE-SP</subfield><subfield code='m'>SAL3</subfield><subfield code='r'>Y</subfield><subfield code='s'>Y</subfield><subfield code='t'>NH-INHOUSE</subfield><subfield code='u'>6/2/2011</subfield></datafield><datafield ind1=' ' ind2=' ' tag='999'><subfield code='a'>PN2 .G7 V.69:NO.1243 1965:MAR.6</subfield><subfield code='w'>LCPER</subfield><subfield code='c'>1</subfield><subfield code='i'>36105215843520</subfield><subfield code='l'>PAGE-SP</subfield><subfield code='m'>SAL3</subfield><subfield code='r'>Y</subfield><subfield code='s'>Y</subfield><subfield code='t'>NH-INHOUSE</subfield><subfield code='u'>6/2/2011</subfield></datafield><datafield ind1=' ' ind2=' ' tag='999'><subfield code='a'>PN2 .G7 V.71:NO.12457 1965:NOV.6</subfield><subfield code='w'>LCPER</subfield><subfield code='c'>1</subfield><subfield code='i'>36105215843538</subfield><subfield code='l'>PAGE-SP</subfield><subfield code='m'>SAL3</subfield><subfield code='r'>Y</subfield><subfield code='s'>Y</subfield><subfield code='t'>NH-INHOUSE</subfield><subfield code='u'>6/2/2011</subfield></datafield><datafield ind1=' ' ind2=' ' tag='999'><subfield code='a'>PN2 .G7 NO.116 2011</subfield><subfield code='w'>LCPER</subfield><subfield code='c'>1</subfield><subfield code='i'>36105134257497</subfield><subfield code='d'>6/20/2012</subfield><subfield code='e'>4/24/2012</subfield><subfield code='l'>STACKS</subfield><subfield code='m'>GREEN</subfield><subfield code='n'>1</subfield><subfield code='r'>Y</subfield><subfield code='s'>Y</subfield><subfield code='t'>STKS-PERI</subfield><subfield code='u'>4/24/2012</subfield></datafield><datafield ind1=' ' ind2=' ' tag='999'><subfield code='a'>PN2 .G7 NO.112 2010</subfield><subfield code='w'>LCPER</subfield><subfield code='c'>1</subfield><subfield code='i'>36105134257505</subfield><subfield code='d'>6/20/2012</subfield><subfield code='e'>4/24/2012</subfield><subfield code='l'>STACKS</subfield><subfield code='m'>GREEN</subfield><subfield code='n'>1</subfield><subfield code='r'>Y</subfield><subfield code='s'>Y</subfield><subfield code='t'>STKS-PERI</subfield><subfield code='u'>4/24/2012</subfield></datafield><datafield ind1=' ' ind2=' ' tag='999'><subfield code='a'>PN2 .G7 NO.118-119 2012</subfield><subfield code='w'>LCPER</subfield><subfield code='c'>1</subfield><subfield code='i'>36105214074028</subfield><subfield code='d'>3/22/2013</subfield><subfield code='e'>3/22/2013</subfield><subfield code='l'>STACKS</subfield><subfield code='m'>GREEN</subfield><subfield code='n'>2</subfield><subfield code='r'>Y</subfield><subfield code='s'>Y</subfield><subfield code='t'>STKS-PERI</subfield><subfield code='u'>1/15/2013</subfield></datafield><datafield ind1=' ' ind2=' ' tag='999'><subfield code='a'>PN2 .G7 NO.115 2011</subfield><subfield code='w'>LCPER</subfield><subfield code='c'>1</subfield><subfield code='i'>36105214074036</subfield><subfield code='d'>3/18/2013</subfield><subfield code='e'>1/17/2013</subfield><subfield code='l'>STACKS</subfield><subfield code='m'>GREEN</subfield><subfield code='n'>1</subfield><subfield code='r'>Y</subfield><subfield code='s'>Y</subfield><subfield code='t'>STKS-PERI</subfield><subfield code='u'>1/15/2013</subfield></datafield><datafield ind1=' ' ind2=' ' tag='999'><subfield code='a'>PN2 .G7 NO.120-121 2012</subfield><subfield code='w'>LCPER</subfield><subfield code='c'>1</subfield><subfield code='i'>36105214171261</subfield><subfield code='d'>11/4/2013</subfield><subfield code='e'>8/7/2013</subfield><subfield code='l'>STACKS</subfield><subfield code='m'>GREEN</subfield><subfield code='r'>Y</subfield><subfield code='s'>Y</subfield><subfield code='t'>STKS-PERI</subfield><subfield code='u'>8/7/2013</subfield></datafield><datafield ind1=' ' ind2=' ' tag='999'><subfield code='a'>PN2 .G7 NO.122-123 2013</subfield><subfield code='w'>LCPER</subfield><subfield code='c'>1</subfield><subfield code='i'>36105214171279</subfield><subfield code='d'>11/4/2013</subfield><subfield code='e'>8/7/2013</subfield><subfield code='l'>STACKS</subfield><subfield code='m'>GREEN</subfield><subfield code='r'>Y</subfield><subfield code='s'>Y</subfield><subfield code='t'>STKS-PERI</subfield><subfield code='u'>8/7/2013</subfield></datafield><datafield ind1=' ' ind2=' ' tag='999'><subfield code='a'>PN2 .G7 NO.124-125 2013</subfield><subfield code='w'>LCPER</subfield><subfield code='c'>1</subfield><subfield code='i'>36105212610591</subfield><subfield code='d'>5/20/2014</subfield><subfield code='e'>3/21/2014</subfield><subfield code='l'>STACKS</subfield><subfield code='m'>GREEN</subfield><subfield code='r'>Y</subfield><subfield code='s'>Y</subfield><subfield code='t'>STKS-PERI</subfield><subfield code='u'>3/21/2014</subfield></datafield><datafield ind1=' ' ind2=' ' tag='999'><subfield code='a'>PN2 .G7 NO.126-127 2014</subfield><subfield code='w'>LCPER</subfield><subfield code='c'>1</subfield><subfield code='i'>36105224334149</subfield><subfield code='d'>3/20/2015</subfield><subfield code='e'>1/12/2015</subfield><subfield code='l'>STACKS</subfield><subfield code='m'>GREEN</subfield><subfield code='r'>Y</subfield><subfield code='s'>Y</subfield><subfield code='t'>STKS-PERI</subfield><subfield code='u'>1/9/2015</subfield></datafield><datafield ind1=' ' ind2=' ' tag='999'><subfield code='a'>PN2 .G7 NO.128-129 2014</subfield><subfield code='w'>LCPER</subfield><subfield code='c'>1</subfield><subfield code='i'>36105224334156</subfield><subfield code='d'>3/20/2015</subfield><subfield code='e'>1/12/2015</subfield><subfield code='l'>STACKS</subfield><subfield code='m'>GREEN</subfield><subfield code='r'>Y</subfield><subfield code='s'>Y</subfield><subfield code='t'>STKS-PERI</subfield><subfield code='u'>1/9/2015</subfield></datafield><datafield ind1=' ' ind2=' ' tag='999'><subfield code='a'>PN2 .G7 NO.130-131 2015</subfield><subfield code='w'>LCPER</subfield><subfield code='c'>1</subfield><subfield code='i'>36105225051197</subfield><subfield code='d'>4/11/2016</subfield><subfield code='e'>2/22/2016</subfield><subfield code='l'>STACKS</subfield><subfield code='m'>GREEN</subfield><subfield code='r'>Y</subfield><subfield code='s'>Y</subfield><subfield code='t'>STKS-PERI</subfield><subfield code='u'>2/22/2016</subfield></datafield><datafield ind1=' ' ind2=' ' tag='999'><subfield code='a'>PN2 .G7 NO.134-135 2016</subfield><subfield code='w'>LCPER</subfield><subfield code='c'>1</subfield><subfield code='i'>36105224317326</subfield><subfield code='d'>9/22/2016</subfield><subfield code='e'>8/5/2016</subfield><subfield code='l'>STACKS</subfield><subfield code='m'>GREEN</subfield><subfield code='r'>Y</subfield><subfield code='s'>Y</subfield><subfield code='t'>STKS-PERI</subfield><subfield code='u'>8/5/2016</subfield></datafield><datafield ind1=' ' ind2=' ' tag='999'><subfield code='a'>PN2 .G7 NO.132-133 2015</subfield><subfield code='w'>LCPER</subfield><subfield code='c'>1</subfield><subfield code='i'>36105224317334</subfield><subfield code='d'>9/24/2016</subfield><subfield code='e'>8/5/2016</subfield><subfield code='l'>STACKS</subfield><subfield code='m'>GREEN</subfield><subfield code='r'>Y</subfield><subfield code='s'>Y</subfield><subfield code='t'>STKS-PERI</subfield><subfield code='u'>8/5/2016</subfield></datafield><datafield ind1=' ' ind2=' ' tag='999'><subfield code='a'>PN2 .G7 NO.136-137 2016</subfield><subfield code='w'>LCPER</subfield><subfield code='c'>1</subfield><subfield code='i'>36105224322169</subfield><subfield code='d'>5/18/2017</subfield><subfield code='e'>4/6/2017</subfield><subfield code='l'>STACKS</subfield><subfield code='m'>GREEN</subfield><subfield code='r'>Y</subfield><subfield code='s'>Y</subfield><subfield code='t'>STKS-PERI</subfield><subfield code='u'>4/6/2017</subfield></datafield><datafield ind1=' ' ind2=' ' tag='999'><subfield code='a'>PN2 .G7 NO.138-139 2017</subfield><subfield code='w'>LCPER</subfield><subfield code='c'>1</subfield><subfield code='i'>36105229623637</subfield><subfield code='d'>5/17/2018</subfield><subfield code='e'>4/5/2018</subfield><subfield code='l'>STACKS</subfield><subfield code='m'>GREEN</subfield><subfield code='r'>Y</subfield><subfield code='s'>Y</subfield><subfield code='t'>STKS-PERI</subfield><subfield code='u'>4/5/2018</subfield></datafield><datafield ind1=' ' ind2=' ' tag='999'><subfield code='a'>PN2 .G7 NO.140-141 2017</subfield><subfield code='w'>LCPER</subfield><subfield code='c'>1</subfield><subfield code='i'>36105229623645</subfield><subfield code='d'>5/17/2018</subfield><subfield code='e'>4/5/2018</subfield><subfield code='l'>STACKS</subfield><subfield code='m'>GREEN</subfield><subfield code='r'>Y</subfield><subfield code='s'>Y</subfield><subfield code='t'>STKS-PERI</subfield><subfield code='u'>4/5/2018</subfield></datafield></record>
</collection>
